@article{deepmind,
  author    = {Volodymyr Mnih and
               Koray Kavukcuoglu and
               David Silver and
               Alex Graves and
               Ioannis Antonoglou and
               Daan Wierstra and
               Martin A. Riedmiller},
  title     = {Playing Atari with Deep Reinforcement Learning},
  journal   = {CoRR},
  volume    = {abs/1312.5602},
  year      = {2013},
  url       = {http://arxiv.org/abs/1312.5602},
  archivePrefix = {arXiv},
  eprint    = {1312.5602},
  timestamp = {Mon, 13 Aug 2018 16:47:42 +0200},
  biburl    = {https://dblp.org/rec/bib/journals/corr/MnihKSGAWR13},
  bibsource = {dblp computer science bibliography, https://dblp.org}
}

@InProceedings{xavier,
  title = 	 {Understanding the difficulty of training deep feedforward neural networks},
  author = 	 {Xavier Glorot and Yoshua Bengio},
  booktitle = 	 {Proceedings of the Thirteenth International Conference on Artificial Intelligence and Statistics},
  pages = 	 {249--256},
  year = 	 {2010},
  editor = 	 {Yee Whye Teh and Mike Titterington},
  volume = 	 {9},
  series = 	 {Proceedings of Machine Learning Research},
  address = 	 {Chia Laguna Resort, Sardinia, Italy},
  month = 	 {13--15 May},
  publisher = 	 {PMLR},
  pdf = 	 {http://proceedings.mlr.press/v9/glorot10a/glorot10a.pdf},
  url = 	 {http://proceedings.mlr.press/v9/glorot10a.html},
}

@article{transfer,
  author = {Matthew E. Taylor and
            Peter Stone},
  title = {Transfer Learning for Reinforcement Learning Domains: A Survey},
  journal = {JMLR},
  volume = {10},
  year = {2009},
  url = {http://www.jmlr.org/papers/volume10/taylor09a/taylor09a.pdf}
}

@article{openaigym,
  author    = {Greg Brockman and
               Vicki Cheung and
               Ludwig Pettersson and
               Jonas Schneider and
               John Schulman and
               Jie Tang and
               Wojciech Zaremba},
  title     = {OpenAI Gym},
  journal   = {CoRR},
  volume    = {abs/1606.01540},
  year      = {2016},
  url       = {http://arxiv.org/abs/1606.01540},
  archivePrefix = {arXiv},
  eprint    = {1606.01540},
  timestamp = {Mon, 13 Aug 2018 16:48:42 +0200},
  biburl    = {https://dblp.org/rec/bib/journals/corr/BrockmanCPSSTZ16},
  bibsource = {dblp computer science bibliography, https://dblp.org}
}

@misc{kerasrl,
    author = "Matthias Plappert",
    title = "keras-rl",
    year = "2016",
    publisher = "GitHub",
    journal = "GitHub repository",
    url = "https://github.com/keras-rl/keras-rl",
}
@misc{keras,
    author = "Fran\c{c}ois Chollet et al.",
    title = "Keras",
    year = "2015",
    publisher = "GitHub",
    journal = "GitHub repository",
    url = "https://github.com/keras-team/keras",
}

@article{ale,
  author    = {Marc G. Bellemare and
               Yavar Naddaf and
               Joel Veness and
               Michael Bowling},
  title     = {The Arcade Learning Environment: An Evaluation Platform for General
               Agents},
  journal   = {CoRR},
  volume    = {abs/1207.4708},
  year      = {2012},
  url       = {http://arxiv.org/abs/1207.4708},
  archivePrefix = {arXiv},
  eprint    = {1207.4708},
  timestamp = {Mon, 13 Aug 2018 16:46:44 +0200},
  biburl    = {https://dblp.org/rec/bib/journals/corr/abs-1207-4708},
  bibsource = {dblp computer science bibliography, https://dblp.org}
}
@misc{ple,
  author = {Tasfi, Norman},
  title = {PyGame Learning Environment},
  year = {2016},
  publisher = {GitHub},
  journal = {GitHub repository},
  howpublished = {\url{https://github.com/ntasfi/PyGame-Learning-Environment}}
}

@book{rl,
  author = {Richard S. Sutton and
            Andrew G. Barto},
  title = {Reinforcement Learning: An Introduction},
  year = {2015},
  publisher = {MIT Press},
}

@article{qlearning,
  author = {Christopher Watkins and
            Peter Dayan},
  title = {Q-learning},
  journal = {Machine Learning},
  volume = {8},
  year = {1992},
  url = {http://www.gatsby.ucl.ac.uk/~dayan/papers/cjch.pdf}
}
@misc{tensorflow,
title={ {TensorFlow}: Large-Scale Machine Learning on Heterogeneous Systems},
url={https://www.tensorflow.org/},
note={Software available from tensorflow.org},
author={
    Mart\'{\i}n~Abadi and
    Ashish~Agarwal and
    Paul~Barham and
    Eugene~Brevdo and
    Zhifeng~Chen and
    Craig~Citro and
    Greg~S.~Corrado and
    Andy~Davis and
    Jeffrey~Dean and
    Matthieu~Devin and
    Sanjay~Ghemawat and
    Ian~Goodfellow and
    Andrew~Harp and
    Geoffrey~Irving and
    Michael~Isard and
    Yangqing Jia and
    Rafal~Jozefowicz and
    Lukasz~Kaiser and
    Manjunath~Kudlur and
    Josh~Levenberg and
    Dandelion~Man\'{e} and
    Rajat~Monga and
    Sherry~Moore and
    Derek~Murray and
    Chris~Olah and
    Mike~Schuster and
    Jonathon~Shlens and
    Benoit~Steiner and
    Ilya~Sutskever and
    Kunal~Talwar and
    Paul~Tucker and
    Vincent~Vanhoucke and
    Vijay~Vasudevan and
    Fernanda~Vi\'{e}gas and
    Oriol~Vinyals and
    Pete~Warden and
    Martin~Wattenberg and
    Martin~Wicke and
    Yuan~Yu and
    Xiaoqiang~Zheng},
  year={2015},
}
